%Bibliographic entries for CCS RRI 2018 paper on E-Waste in India%%%%%%%%%%%%%%%
%%%%%%%%%%%%%%%%%%%%%%%%%%%%%%%%%%%%%%%%%%%%%%%%%%%%%%%%%%%%%%%%%%%%%%%%%%%%%%%%

%Newspaper Citations: cite online newspaper articles%%%%%%%%%%%%%%%%%%%%%%%%%%%%
%%%%%%%%%%%%%%%%%%%%%%%%%%%%%%%%%%%%%%%%%%%%%%%%%%%%%%%%%%%%%%%%%%%%%%%%%%%%%%%%

@article{vermanews,
author = {Verma, Shrutika},
title  = {Start me up, Gurgaon},
date   = {2018},
journal = {LiveMint},
url = {https://bit.ly/2LdaOdJ}}

@article{tirkeynews,
author = {Tirkey, Varsha Rani},
title  = {‘We have the right to live with dignity like anyone else’},
date   = {2017},
journal = {ActionAid},
url = {https://bit.ly/2Bi0QS4}}

%Published Reports: cite published reports%%%%%%%%%%%%%%%%%%%%%%%%%%%%%%%%%%%%%%
%%%%%%%%%%%%%%%%%%%%%%%%%%%%%%%%%%%%%%%%%%%%%%%%%%%%%%%%%%%%%%%%%%%%%%%%%%%%%%%%

@report{ncrpbreport,
title = {Draft Revised Regional Plan 2021 National Capital Region},
author = {{NCRPB}},
institution = {National Capital Region Planning Board, Ministry of Urban Development, Govt. of India},
address = {New Delhi, India},
date = {2013},
url = {https://bit.ly/2RCWnPz}}

@report{kpmgreport,
title = {Urbanisation in the National Capital Region- Overcoming Challenges to improve live-ability},
author = {{KPMG India}},
institution = {KPMG India},
date = {2017},
url = {https://bit.ly/2t1ndqv}}

@report{iloreport,
title = {Women and Men in the Informal Economy: A Statistical Picture},
author = {{International Labour Organization}},
institution = {International Labour Organization},
address = {Geneva},
date = {2018},
url = {https://bit.ly/2P5g4y4}}

@report{masterreport,
title = {Master Plan for Delhi-2021},
author = {{DDA}},
institution = {Delhi Development Authority},
date = {2015},
url = {https://bit.ly/2TxfI6b}}

@report{delhireport,
title = {Delhi Human Development Report},
author ={{GONCT}},
institution = {Government of National Capital Territory},
date = {2013},
url = {https://bit.ly/2S6QCOU}}


%Research Papers: cite papers published in journals%%%%%%%%%%%%%%%%%%%%%%%%%%%%%
%%%%%%%%%%%%%%%%%%%%%%%%%%%%%%%%%%%%%%%%%%%%%%%%%%%%%%%%%%%%%%%%%%%%%%%%%%%%%%%%
@article{hayekpaper,
author = {Hayek, Friedrich A.},
title = {The Use of Knowledge in Society},
journal = {The American Economic Review},
year = {1945},
url = {https://bit.ly/2TqX3bU}}

@article{bromleypaper,
author = {Bromley, Ray},
title = {Street Vending and Public Policy: A Global Review},
journal = {International Journal of Sociology and Social Policy},
year = {2000},
url = {https://bit.ly/2GkvhdK}}

@article{sallypaper,
author = {Roever, Sally},
title = {Informal Trade Meets Informal Governance: Street Vendors and Legal Reform in India, South Africa, and Peru},
journal = {Cityscape},
year = {2018},
url = {https://bit.ly/2RDBVh6}}

@article{jhapaper,
author = {Ramnath Jha},
title = {Strengthening Urban India's Informal Economy: The Case of Street Vending},
journal = {Observer Research Foundation},
year = {2018},
url = {https://bit.ly/2WGeYhi}}

@article{wiegopaper,
author = {Roever, Sally},
title = {Informal Economy Monitoring Study Sector Report: Street Vendors},
journal = {IEMS Informal Economy Monitoring Study,  Women in Informal Employment: Globalizing and Organizing (WIEGO)},
year = {2014},
url = {https://bit.ly/2DO6YnT}}

@article{ratanpaper,
author = {Rattan, Pariroo},
title = {Street Vendors Act 2014: A Forgotten Promise?},
journal = {Centre for Civil Society},
year = {2015},
url = {https://bit.ly/2REP21A}}


@article{ccspaper,
author = {Chandra, Amit and Jain, Rajul},
title = {Property Rights of Street Vendors},
journal = {Centre for Civil Society},
year = {2015},
url = {https://bit.ly/2UHd3r0}}

@article{sewapaper,
title = {SEWA Delhi Street vendors},
author = {SEWA},
year = {2018},
url = {https://bit.ly/2TxgSyz}}

@article{naikpaper,
title = {‘Wizards at Making a Virtue of Necessity’: Street Vendors in India},
author = {Naik, Abhayraj},
journal = {Socio-Legal Review},
year = {2015},
volume = {11},
issue = {1},
url = {https://bit.ly/2WFrvkZ}}

@article{bhowmikpaper,
  title={National policy for street vendors},
  author={Bhowmik, Sharit K},
  journal={Economic and Political Weekly},
  pages={1543--1546},
  year={2003},
  publisher={JSTOR}}


%Chapters: cite specific chapters from books or other publications%%%%%%%%%%%%%%
%%%%%%%%%%%%%%%%%%%%%%%%%%%%%%%%%%%%%%%%%%%%%%%%%%%%%%%%%%%%%%%%%%%%%%%%%%%%%%%%

@incollection{wallschapter,
author = {Walls, Margaret},
title = {EPR Policy Goals and Policy Choices: What Does Economics Tell Us?},
booktitle = {Economic Aspects of Extended Producer Responsibility},
publisher = {OECD},
year = {2004},
url = {https://bit.ly/2Dd6f0i}}

%PhD Dissertation: cite PhD dissertation%%%%%%%%%%%%%%%%%%%%%%%%%%%%%%%%%%%%%%%%
%%%%%%%%%%%%%%%%%%%%%%%%%%%%%%%%%%%%%%%%%%%%%%%%%%%%%%%%%%%%%%%%%%%%%%%%%%%%%%%%

@phdthesis{alevphd,
author = {Alev, Isil},
title = {Operational Perspectives on Extended Producer Responsibility for Durable and Consumable Products},
school = {Georgia Institue of Technology},
year = {2015},
type = {{PhD} dissertation}}

%Book%%%%%%%%%%%%%%%%%%%%%%%%%%%%%%%%%%%%%%%%
%%%%%%%%%%%%%%%%%%%%%%%%%%%%%%%%%%%%%%%%%%%%%%%%%%%%%%%%%%%%%%%%%%%%%%%%%%%%%%%%
@book{scottbook,
author = {Scott, James C.},
title = {Seeing Like a State},
series = {Yale Agrarian Studies Series},
publisher = {Yale University Press},
address = {New Haven and London},
url = {https://bit.ly/2RB6QL1},
year = {1998}}


%Legal Citations%%%%%%%%%%%%%%%%%%%%%%%%%%%%%%%%%%%%%%%%%%%%%%%%%%%%%%%%%%%%%%%%%%%%%%%%%%%%%%%%%%%%%%%%%%%%%%%%%%%%%%%%%%%%


@jurisdiction{HariRam,
  author = {{Hari Ram v. State of Himachal Pradesh}},
  institution = {Himachal Pradesh High Court},
  year = {2018},
  number = {2018 SCC ONLINE HP 496}}

  @jurisdiction{VKMMP,
  author = {{Vyapari Kalyan Mandal Main Pushpa v. South Delhi Municipal Corporation}},
  institution = {Delhi High Court},
  year = {2017},
  number = {2017 SCC ONLINE DEL 8962},
  url =  {https://indiankanoon.org/doc/70463837/}}


@jurisdiction{GopalS,
  author = {{Gopal Sardar v. State of West Bengal}},
  institution = {Calcutta High Court},
  year = {2017},
  number = {2017 SCC ONLINE CAL 14025}}

  @jurisdiction{TRamalingam,
  author = {{T. Ramalingam and Ors v. The Secretary to the Government and Ors}},
  institution = {Madras High Court},
  year = {2018},
  number = {MANU/TN/0706/2018}}

@jurisdiction{VKSahu,
  author = {{Vijay Kumar Sahu and Ors v. Govt. of NCT and Ors}},
  institution = {Delhi High Court},
  year = {2018},
  number = {MANU/DE/2090/2018},
  url =  {https://www.casemine.com/judgement/in/5b10255b9eff4319d9551f2e}}

  @jurisdiction{VakatarSG,
  author = {{Vakatar Samatbhai Ghusabhai v. State Of Gujarat}},
  institution = {Gujarat High Court},
  year = {2018},
  number = {MANU/GJ/0716/2018},
  url =  {https://indiankanoon.org/doc/77422910/}}


@jurisdiction{DwarkaS6,
  author = {{Dwarka Sector-6 Vendors Association v. MCD and Ors}},
  institution = {Delhi High Court},
  year = {2017},
  number = {MANU/DE/1666/2017},
  url =  {https://indiankanoon.org/doc/35860021/}}


@jurisdiction{RPKHU,
  author = {{Delhi Pradesh Rehri Patri Khomcha Hawkers Union and Ors v. South Delhi Municipal Corporation and Ors}},
  institution = {Delhi High Court},
  year = {2018},
  number = {MANU/DE/2311/2018},
  url =  {https://indiankanoon.org/doc/32156275/}}


  @jurisdiction{MEHU,
  author = {{Maharashtra Ekta Hawkers Union v. The State Of Maharashtra And Anr}},
  institution = {Bombay High Court},
  year = {2017},
  number = {2017 SCC ONLINE BOM 571},
  url =  {https://indiankanoon.org/doc/133490643/}}

@jurisdiction{BhikkiRam,
  author = {{Bhikki Ram v. New Delhi Municipal Council}},
  institution = {Delhi High Court}},
  year = {2017},
  number = {MANU/DE/3024/2017},
  url =  {https://indiankanoon.org/doc/112289789/}}


@jurisdiction{Thankappan,
  author = {{Thankappan v. The District Collector}},
  institution = {Kerala High Court},
  year = {2014},
  url =  {https://indiankanoon.org/doc/171611527/?type=print}}

@jurisdiction{JES,
  author = {{Janodaya Ekta Samiti v. Govt. of NCT of Delhi and Ors}},
  institution = {Delhi High Court},
  year = {2016},
  url =  {http://kssvmm.org/ckfinder/userfiles/files/CourtOrders/JANODAYA.pdf}}

@jurisdiction{DPRPK,
  author = {{Delhi Pradesh Rehri Patri Khomcha Hawkers Union and ORS v. Dr. Punit Kumar Goel, Commissioner South Delhi Municipal Corporation and ORS}},
  institution = {Supreme Court of India},
  year = {2018},
  url =  {https://indiankanoon.org/doc/107567214/}}



@article{wiego,
author = {WIEGO},
title = {Street Vendors’ Laws and Legal Issues in India},
journal = {WIEGO Law and Informality Resources},
year = {2014},
url = {http://www.wiego.org/sites/default/files/resources/files/Street\%20Vendors\%E2\%80\%99\%20Laws\%20and\%20Legal\%20Issues\%20in\%20India.pdf}}
