%Bibliographic entries for CCS RRI 2018 paper on E-Waste in India%%%%%%%%%%%%%%%
%%%%%%%%%%%%%%%%%%%%%%%%%%%%%%%%%%%%%%%%%%%%%%%%%%%%%%%%%%%%%%%%%%%%%%%%%%%%%%%%

%Newspaper Citations: cite online newspaper articles%%%%%%%%%%%%%%%%%%%%%%%%%%%%
%%%%%%%%%%%%%%%%%%%%%%%%%%%%%%%%%%%%%%%%%%%%%%%%%%%%%%%%%%%%%%%%%%%%%%%%%%%%%%%%

@article{vermanews,
author = {Verma, Shrutika},
title  = {Start me up, Gurgaon},
date   = {2018},
journal = {LiveMint},
url = {https://bit.ly/2LdaOdJ}}

@article{tirkeynews,
author = {Tirkey, Varsha Rani},
title  = {‘We have the right to live with dignity like anyone else’},
date   = {2017},
journal = {ActionAid},
url = {https://bit.ly/2Bi0QS4}}

%Published Reports: cite published reports%%%%%%%%%%%%%%%%%%%%%%%%%%%%%%%%%%%%%%
%%%%%%%%%%%%%%%%%%%%%%%%%%%%%%%%%%%%%%%%%%%%%%%%%%%%%%%%%%%%%%%%%%%%%%%%%%%%%%%%

@report{ncrpbreport,
title = {Draft Revised Regional Plan 2021 National Capital Region},
institution = {National Capital Region Planning Board, Ministry of Urban Development, Govt. of India},
address = {New Delhi, India},
date = {2013},
url = {https://bit.ly/2RCWnPz}}

@report{kpmgreport,
title = {Urbanisation in the National Capital Region- Overcoming Challenges to improve live-ability},
institution = {KPMG India},
date = {2017},
url = {https://bit.ly/2t1ndqv}}

@report{iloreport,
title = {Women and Men in the Informal Economy: A Statistical Picture},
institution = {International Labour Organization},
address = {Geneva},
date = {2018},
url = {https://bit.ly/2P5g4y4}}

@report{masterreport,
title = {Master Plan for Delhi-2021},
institution = {Delhi Development Authority},
date = {2015},
url = {https://bit.ly/2TxfI6b}}

@report{delhireport,
title = {Delhi Human Development Report},
institution = {Government of National Capital Territory},
date = {2013},
url = {https://bit.ly/2S6QCOU}}


%Research Papers: cite papers published in journals%%%%%%%%%%%%%%%%%%%%%%%%%%%%%
%%%%%%%%%%%%%%%%%%%%%%%%%%%%%%%%%%%%%%%%%%%%%%%%%%%%%%%%%%%%%%%%%%%%%%%%%%%%%%%%
@article{hayekpaper,
author = {Hayek, Friedrich A.},
title = {The Use of Knowledge in Society},
journal = {The American Economic Review},
year = {1945},
url = {https://bit.ly/2TqX3bU}}

@article{bromleypaper,
author = {Bromley, Ray},
title = {Street Vending and Public Policy: A Global Review},
journal = {International Journal of Sociology and Social Policy},
year = {2000},
url = {https://bit.ly/2GkvhdK}}

@article{sallypaper,
author = {Roever, Sally},
title = {Informal Trade Meets Informal Governance: Street Vendors and Legal Reform in India, South Africa, and Peru},
journal = {Cityscape},
year = {2018},
url = {https://bit.ly/2RDBVh6}}

@article{jhapaper,
author = {Ramnath Jha},
title = {Strengthening Urban India's Informal Economy: The Case of Street Vending},
journal = {Observer Research Foundation},
year = {2018},
url = {https://bit.ly/2WGeYhi}}

@article{wiegopaper,
author = {Roever, Sally},
title = {Informal Economy Monitoring Study Sector Report: Street Vendors},
journal = {IEMS Informal Economy Monitoring Study,  Women in Informal Employment: Globalizing and Organizing (WIEGO)},
year = {2014},
url = {https://bit.ly/2DO6YnT}}

@article{ccspaper,
author = {Chandra, Amit and Jain, Rajul},
title = {Property Rights of Street Vendors},
journal = {Centre for Civil Society},
year = {2015},
url = {https://bit.ly/2UHd3r0}}

@article{sewapaper,
title = {SEWA Delhi Street vendors},
journal = {SEWA},
year = {2018},
url = {https://bit.ly/2TxgSyz}}

@article{naikpaper,
title = {‘Wizards at Making a Virtue of Necessity’: Street Vendors in India’},
author = {Naik, Abhayraj},
journal = {Socio-Legal Review},
year = {2015},
volume = {11},
issue = {1},
url = {https://bit.ly/2WFrvkZ}}

%Chapters: cite specific chapters from books or other publications%%%%%%%%%%%%%%
%%%%%%%%%%%%%%%%%%%%%%%%%%%%%%%%%%%%%%%%%%%%%%%%%%%%%%%%%%%%%%%%%%%%%%%%%%%%%%%%

@incollection{wallschapter,
author = {Walls, Margaret},
title = {EPR Policy Goals and Policy Choices: What Does Economics Tell Us?},
booktitle = {Economic Aspects of Extended Producer Responsibility},
publisher = {OECD},
year = {2004},
url = {https://bit.ly/2Dd6f0i}}

%PhD Dissertation: cite PhD dissertation%%%%%%%%%%%%%%%%%%%%%%%%%%%%%%%%%%%%%%%%
%%%%%%%%%%%%%%%%%%%%%%%%%%%%%%%%%%%%%%%%%%%%%%%%%%%%%%%%%%%%%%%%%%%%%%%%%%%%%%%%

@phdthesis{alevphd,
author = {Alev, Isil},
title = {Operational Perspectives on Extended Producer Responsibility for Durable and Consumable Products},
school = {Georgia Institue of Technology},
year = {2015},
type = {{PhD} dissertation}}

%Book%%%%%%%%%%%%%%%%%%%%%%%%%%%%%%%%%%%%%%%%
%%%%%%%%%%%%%%%%%%%%%%%%%%%%%%%%%%%%%%%%%%%%%%%%%%%%%%%%%%%%%%%%%%%%%%%%%%%%%%%%
@book{scottbook,
author = {Scott, James C.},
title = {Seeing Like a State},
series = {Yale Agrarian Studies Series},
publisher = {Yale University Press},
address = {New Haven and London},
url = {https://bit.ly/2RB6QL1},
year = {1998}}
